@book{Love,
    author    = "Robert Love",
    title     = "Linux Kernel Development",
    publisher = "Pearson Education, Inc.",
    edition  = "Third",
    year      = "2010"
}

@misc{AndroidDev1,
    author    = "Android Developer Guide",
    title     = "Processes and Threads",
    howpublished = "\url{http://developer.android.com/guide/components/processes-and-threads.html}"
}

@misc{SO1,
    author    = "StackOverflow",
    title     = "Android Process Scheduling",
    howpublished = "\url{http://stackoverflow.com/questions/7931032/android-process-scheduling}"
}

@misc{Hackborn,
    author    = "Dianne Hackborn",
    title     = "Google+ Post, Dec 9 2011",
    howpublished = "\url{https://plus.google.com/u/0/105051985738280261832/posts/XAZ4CeVP6DC}"
}

@misc{gomo,
    author    = "gomo",
    title     = "Scheduling in Android",
    howpublished = "\url{https://github.com/keesj/gomo/wiki/AndroidScheduling}"
}

@misc{Bovet,
    author    = "Daniel Bovet",
    title     = "Understanding the Linux Kernel",
    howpublished = "\url{http://oreilly.com/catalog/linuxkernel/chapter/ch10.html}"
}

@misc{features,
    author    = "eLinux.org",
    title     = "Android Kernel Features",
    howpublished = "\url{http://elinux.org/Android_Kernel_Features}"
}

@misc{Bray,
    author    = "Tim Bray",
    title     = "What Android Is",
    howpublished = "\url{http://www.tbray.org/ongoing/When/201x/2010/11/14/What-Android-Is}"
}
